%YAML 1.1
%TAG !u! tag:unity3d.com,2011:
--- !u!1 &448945926865143015
GameObject:
  m_ObjectHideFlags: 0
  m_CorrespondingSourceObject: {fileID: 0}
  m_PrefabInstance: {fileID: 0}
  m_PrefabAsset: {fileID: 0}
  serializedVersion: 6
  m_Component:
  - component: {fileID: 448945926865143014}
  - component: {fileID: 2918292279644852003}
  - component: {fileID: 266085051977212060}
  m_Layer: 0
  m_Name: Ammo Pickup 1
  m_TagString: Untagged
  m_Icon: {fileID: 0}
  m_NavMeshLayer: 0
  m_StaticEditorFlags: 0
  m_IsActive: 1
--- !u!4 &448945926865143014
Transform:
  m_ObjectHideFlags: 0
  m_CorrespondingSourceObject: {fileID: 0}
  m_PrefabInstance: {fileID: 0}
  m_PrefabAsset: {fileID: 0}
  m_GameObject: {fileID: 448945926865143015}
  m_LocalRotation: {x: 0, y: 0, z: 0, w: 1}
  m_LocalPosition: {x: 0, y: 0, z: 0}
  m_LocalScale: {x: 1, y: 1, z: 1}
  m_Children:
  - {fileID: 8784412344039149269}
  - {fileID: 5382893491256196730}
  - {fileID: 6041994432610508973}
  - {fileID: 4383048817726494217}
  - {fileID: 4713656012797945937}
  m_Father: {fileID: 0}
  m_RootOrder: 0
  m_LocalEulerAnglesHint: {x: 0, y: 0, z: 0}
--- !u!135 &2918292279644852003
SphereCollider:
  m_ObjectHideFlags: 0
  m_CorrespondingSourceObject: {fileID: 0}
  m_PrefabInstance: {fileID: 0}
  m_PrefabAsset: {fileID: 0}
  m_GameObject: {fileID: 448945926865143015}
  m_Material: {fileID: 0}
  m_IsTrigger: 1
  m_Enabled: 1
  serializedVersion: 2
  m_Radius: 2
  m_Center: {x: 0, y: 0, z: 0}
--- !u!114 &266085051977212060
MonoBehaviour:
  m_ObjectHideFlags: 0
  m_CorrespondingSourceObject: {fileID: 0}
  m_PrefabInstance: {fileID: 0}
  m_PrefabAsset: {fileID: 0}
  m_GameObject: {fileID: 448945926865143015}
  m_Enabled: 1
  m_EditorHideFlags: 0
  m_Script: {fileID: 11500000, guid: 243d444f917c9374b870e02e6e1841be, type: 3}
  m_Name: 
  m_EditorClassIdentifier: 
  ammoBoost: 5
  ammoType: 0
--- !u!1001 &2056866250855859805
PrefabInstance:
  m_ObjectHideFlags: 0
  serializedVersion: 2
  m_Modification:
    m_TransformParent: {fileID: 448945926865143014}
    m_Modifications:
    - target: {fileID: 853626532702669998, guid: aaad128b66d01824f87f3a8c74fb235b, type: 3}
      propertyPath: m_Mesh
      value: 
      objectReference: {fileID: 0}
    - target: {fileID: 1952001693353913026, guid: aaad128b66d01824f87f3a8c74fb235b, type: 3}
      propertyPath: m_Mesh
      value: 
      objectReference: {fileID: 0}
    - target: {fileID: 2330827591986466900, guid: aaad128b66d01824f87f3a8c74fb235b, type: 3}
      propertyPath: m_RootOrder
      value: 3
      objectReference: {fileID: 0}
    - target: {fileID: 2330827591986466900, guid: aaad128b66d01824f87f3a8c74fb235b, type: 3}
      propertyPath: m_LocalPosition.x
      value: 0.07
      objectReference: {fileID: 0}
    - target: {fileID: 2330827591986466900, guid: aaad128b66d01824f87f3a8c74fb235b, type: 3}
      propertyPath: m_LocalPosition.y
      value: 0
      objectReference: {fileID: 0}
    - target: {fileID: 2330827591986466900, guid: aaad128b66d01824f87f3a8c74fb235b, type: 3}
      propertyPath: m_LocalPosition.z
      value: -0.136
      objectReference: {fileID: 0}
    - target: {fileID: 2330827591986466900, guid: aaad128b66d01824f87f3a8c74fb235b, type: 3}
      propertyPath: m_LocalRotation.w
      value: 1
      objectReference: {fileID: 0}
    - target: {fileID: 2330827591986466900, guid: aaad128b66d01824f87f3a8c74fb235b, type: 3}
      propertyPath: m_LocalRotation.x
      value: 0
      objectReference: {fileID: 0}
    - target: {fileID: 2330827591986466900, guid: aaad128b66d01824f87f3a8c74fb235b, type: 3}
      propertyPath: m_LocalRotation.y
      value: 0
      objectReference: {fileID: 0}
    - target: {fileID: 2330827591986466900, guid: aaad128b66d01824f87f3a8c74fb235b, type: 3}
      propertyPath: m_LocalRotation.z
      value: 0
      objectReference: {fileID: 0}
    - target: {fileID: 2330827591986466900, guid: aaad128b66d01824f87f3a8c74fb235b, type: 3}
      propertyPath: m_LocalEulerAnglesHint.x
      value: 0
      objectReference: {fileID: 0}
    - target: {fileID: 2330827591986466900, guid: aaad128b66d01824f87f3a8c74fb235b, type: 3}
      propertyPath: m_LocalEulerAnglesHint.y
      value: 0
      objectReference: {fileID: 0}
    - target: {fileID: 2330827591986466900, guid: aaad128b66d01824f87f3a8c74fb235b, type: 3}
      propertyPath: m_LocalEulerAnglesHint.z
      value: 0
      objectReference: {fileID: 0}
    - target: {fileID: 4371115019759377727, guid: aaad128b66d01824f87f3a8c74fb235b, type: 3}
      propertyPath: m_Name
      value: Pistol bullets (3)
      objectReference: {fileID: 0}
    - target: {fileID: 6877237678414027155, guid: aaad128b66d01824f87f3a8c74fb235b, type: 3}
      propertyPath: m_Mesh
      value: 
      objectReference: {fileID: 0}
    m_RemovedComponents: []
  m_SourcePrefab: {fileID: 100100000, guid: aaad128b66d01824f87f3a8c74fb235b, type: 3}
--- !u!4 &4383048817726494217 stripped
Transform:
  m_CorrespondingSourceObject: {fileID: 2330827591986466900, guid: aaad128b66d01824f87f3a8c74fb235b, type: 3}
  m_PrefabInstance: {fileID: 2056866250855859805}
  m_PrefabAsset: {fileID: 0}
--- !u!1001 &6462739288550989441
PrefabInstance:
  m_ObjectHideFlags: 0
  serializedVersion: 2
  m_Modification:
    m_TransformParent: {fileID: 448945926865143014}
    m_Modifications:
    - target: {fileID: 853626532702669998, guid: aaad128b66d01824f87f3a8c74fb235b, type: 3}
      propertyPath: m_Mesh
      value: 
      objectReference: {fileID: 0}
    - target: {fileID: 1952001693353913026, guid: aaad128b66d01824f87f3a8c74fb235b, type: 3}
      propertyPath: m_Mesh
      value: 
      objectReference: {fileID: 0}
    - target: {fileID: 2330827591986466900, guid: aaad128b66d01824f87f3a8c74fb235b, type: 3}
      propertyPath: m_RootOrder
      value: 0
      objectReference: {fileID: 0}
    - target: {fileID: 2330827591986466900, guid: aaad128b66d01824f87f3a8c74fb235b, type: 3}
      propertyPath: m_LocalPosition.x
      value: 0
      objectReference: {fileID: 0}
    - target: {fileID: 2330827591986466900, guid: aaad128b66d01824f87f3a8c74fb235b, type: 3}
      propertyPath: m_LocalPosition.y
      value: 0
      objectReference: {fileID: 0}
    - target: {fileID: 2330827591986466900, guid: aaad128b66d01824f87f3a8c74fb235b, type: 3}
      propertyPath: m_LocalPosition.z
      value: 0
      objectReference: {fileID: 0}
    - target: {fileID: 2330827591986466900, guid: aaad128b66d01824f87f3a8c74fb235b, type: 3}
      propertyPath: m_LocalRotation.w
      value: 1
      objectReference: {fileID: 0}
    - target: {fileID: 2330827591986466900, guid: aaad128b66d01824f87f3a8c74fb235b, type: 3}
      propertyPath: m_LocalRotation.x
      value: 0
      objectReference: {fileID: 0}
    - target: {fileID: 2330827591986466900, guid: aaad128b66d01824f87f3a8c74fb235b, type: 3}
      propertyPath: m_LocalRotation.y
      value: 0
      objectReference: {fileID: 0}
    - target: {fileID: 2330827591986466900, guid: aaad128b66d01824f87f3a8c74fb235b, type: 3}
      propertyPath: m_LocalRotation.z
      value: 0
      objectReference: {fileID: 0}
    - target: {fileID: 2330827591986466900, guid: aaad128b66d01824f87f3a8c74fb235b, type: 3}
      propertyPath: m_LocalEulerAnglesHint.x
      value: 0
      objectReference: {fileID: 0}
    - target: {fileID: 2330827591986466900, guid: aaad128b66d01824f87f3a8c74fb235b, type: 3}
      propertyPath: m_LocalEulerAnglesHint.y
      value: 0
      objectReference: {fileID: 0}
    - target: {fileID: 2330827591986466900, guid: aaad128b66d01824f87f3a8c74fb235b, type: 3}
      propertyPath: m_LocalEulerAnglesHint.z
      value: 0
      objectReference: {fileID: 0}
    - target: {fileID: 4371115019759377727, guid: aaad128b66d01824f87f3a8c74fb235b, type: 3}
      propertyPath: m_Name
      value: Pistol bullets
      objectReference: {fileID: 0}
    - target: {fileID: 6877237678414027155, guid: aaad128b66d01824f87f3a8c74fb235b, type: 3}
      propertyPath: m_Mesh
      value: 
      objectReference: {fileID: 0}
    m_RemovedComponents: []
  m_SourcePrefab: {fileID: 100100000, guid: aaad128b66d01824f87f3a8c74fb235b, type: 3}
--- !u!4 &8784412344039149269 stripped
Transform:
  m_CorrespondingSourceObject: {fileID: 2330827591986466900, guid: aaad128b66d01824f87f3a8c74fb235b, type: 3}
  m_PrefabInstance: {fileID: 6462739288550989441}
  m_PrefabAsset: {fileID: 0}
--- !u!1001 &7003808199283111941
PrefabInstance:
  m_ObjectHideFlags: 0
  serializedVersion: 2
  m_Modification:
    m_TransformParent: {fileID: 448945926865143014}
    m_Modifications:
    - target: {fileID: 853626532702669998, guid: aaad128b66d01824f87f3a8c74fb235b, type: 3}
      propertyPath: m_Mesh
      value: 
      objectReference: {fileID: 0}
    - target: {fileID: 1952001693353913026, guid: aaad128b66d01824f87f3a8c74fb235b, type: 3}
      propertyPath: m_Mesh
      value: 
      objectReference: {fileID: 0}
    - target: {fileID: 2330827591986466900, guid: aaad128b66d01824f87f3a8c74fb235b, type: 3}
      propertyPath: m_RootOrder
      value: 4
      objectReference: {fileID: 0}
    - target: {fileID: 2330827591986466900, guid: aaad128b66d01824f87f3a8c74fb235b, type: 3}
      propertyPath: m_LocalPosition.x
      value: 0.227
      objectReference: {fileID: 0}
    - target: {fileID: 2330827591986466900, guid: aaad128b66d01824f87f3a8c74fb235b, type: 3}
      propertyPath: m_LocalPosition.y
      value: 0
      objectReference: {fileID: 0}
    - target: {fileID: 2330827591986466900, guid: aaad128b66d01824f87f3a8c74fb235b, type: 3}
      propertyPath: m_LocalPosition.z
      value: -0.142
      objectReference: {fileID: 0}
    - target: {fileID: 2330827591986466900, guid: aaad128b66d01824f87f3a8c74fb235b, type: 3}
      propertyPath: m_LocalRotation.w
      value: 1
      objectReference: {fileID: 0}
    - target: {fileID: 2330827591986466900, guid: aaad128b66d01824f87f3a8c74fb235b, type: 3}
      propertyPath: m_LocalRotation.x
      value: 0
      objectReference: {fileID: 0}
    - target: {fileID: 2330827591986466900, guid: aaad128b66d01824f87f3a8c74fb235b, type: 3}
      propertyPath: m_LocalRotation.y
      value: 0
      objectReference: {fileID: 0}
    - target: {fileID: 2330827591986466900, guid: aaad128b66d01824f87f3a8c74fb235b, type: 3}
      propertyPath: m_LocalRotation.z
      value: 0
      objectReference: {fileID: 0}
    - target: {fileID: 2330827591986466900, guid: aaad128b66d01824f87f3a8c74fb235b, type: 3}
      propertyPath: m_LocalEulerAnglesHint.x
      value: 0
      objectReference: {fileID: 0}
    - target: {fileID: 2330827591986466900, guid: aaad128b66d01824f87f3a8c74fb235b, type: 3}
      propertyPath: m_LocalEulerAnglesHint.y
      value: 0
      objectReference: {fileID: 0}
    - target: {fileID: 2330827591986466900, guid: aaad128b66d01824f87f3a8c74fb235b, type: 3}
      propertyPath: m_LocalEulerAnglesHint.z
      value: 0
      objectReference: {fileID: 0}
    - target: {fileID: 4371115019759377727, guid: aaad128b66d01824f87f3a8c74fb235b, type: 3}
      propertyPath: m_Name
      value: Pistol bullets (4)
      objectReference: {fileID: 0}
    - target: {fileID: 6877237678414027155, guid: aaad128b66d01824f87f3a8c74fb235b, type: 3}
      propertyPath: m_Mesh
      value: 
      objectReference: {fileID: 0}
    m_RemovedComponents: []
  m_SourcePrefab: {fileID: 100100000, guid: aaad128b66d01824f87f3a8c74fb235b, type: 3}
--- !u!4 &4713656012797945937 stripped
Transform:
  m_CorrespondingSourceObject: {fileID: 2330827591986466900, guid: aaad128b66d01824f87f3a8c74fb235b, type: 3}
  m_PrefabInstance: {fileID: 7003808199283111941}
  m_PrefabAsset: {fileID: 0}
--- !u!1001 &7704289263925210670
PrefabInstance:
  m_ObjectHideFlags: 0
  serializedVersion: 2
  m_Modification:
    m_TransformParent: {fileID: 448945926865143014}
    m_Modifications:
    - target: {fileID: 853626532702669998, guid: aaad128b66d01824f87f3a8c74fb235b, type: 3}
      propertyPath: m_Mesh
      value: 
      objectReference: {fileID: 0}
    - target: {fileID: 1952001693353913026, guid: aaad128b66d01824f87f3a8c74fb235b, type: 3}
      propertyPath: m_Mesh
      value: 
      objectReference: {fileID: 0}
    - target: {fileID: 2330827591986466900, guid: aaad128b66d01824f87f3a8c74fb235b, type: 3}
      propertyPath: m_RootOrder
      value: 1
      objectReference: {fileID: 0}
    - target: {fileID: 2330827591986466900, guid: aaad128b66d01824f87f3a8c74fb235b, type: 3}
      propertyPath: m_LocalPosition.x
      value: 0.143
      objectReference: {fileID: 0}
    - target: {fileID: 2330827591986466900, guid: aaad128b66d01824f87f3a8c74fb235b, type: 3}
      propertyPath: m_LocalPosition.y
      value: 0
      objectReference: {fileID: 0}
    - target: {fileID: 2330827591986466900, guid: aaad128b66d01824f87f3a8c74fb235b, type: 3}
      propertyPath: m_LocalPosition.z
      value: -0.007
      objectReference: {fileID: 0}
    - target: {fileID: 2330827591986466900, guid: aaad128b66d01824f87f3a8c74fb235b, type: 3}
      propertyPath: m_LocalRotation.w
      value: 1
      objectReference: {fileID: 0}
    - target: {fileID: 2330827591986466900, guid: aaad128b66d01824f87f3a8c74fb235b, type: 3}
      propertyPath: m_LocalRotation.x
      value: 0
      objectReference: {fileID: 0}
    - target: {fileID: 2330827591986466900, guid: aaad128b66d01824f87f3a8c74fb235b, type: 3}
      propertyPath: m_LocalRotation.y
      value: 0
      objectReference: {fileID: 0}
    - target: {fileID: 2330827591986466900, guid: aaad128b66d01824f87f3a8c74fb235b, type: 3}
      propertyPath: m_LocalRotation.z
      value: 0
      objectReference: {fileID: 0}
    - target: {fileID: 2330827591986466900, guid: aaad128b66d01824f87f3a8c74fb235b, type: 3}
      propertyPath: m_LocalEulerAnglesHint.x
      value: 0
      objectReference: {fileID: 0}
    - target: {fileID: 2330827591986466900, guid: aaad128b66d01824f87f3a8c74fb235b, type: 3}
      propertyPath: m_LocalEulerAnglesHint.y
      value: 0
      objectReference: {fileID: 0}
    - target: {fileID: 2330827591986466900, guid: aaad128b66d01824f87f3a8c74fb235b, type: 3}
      propertyPath: m_LocalEulerAnglesHint.z
      value: 0
      objectReference: {fileID: 0}
    - target: {fileID: 4371115019759377727, guid: aaad128b66d01824f87f3a8c74fb235b, type: 3}
      propertyPath: m_Name
      value: Pistol bullets (1)
      objectReference: {fileID: 0}
    - target: {fileID: 6877237678414027155, guid: aaad128b66d01824f87f3a8c74fb235b, type: 3}
      propertyPath: m_Mesh
      value: 
      objectReference: {fileID: 0}
    m_RemovedComponents: []
  m_SourcePrefab: {fileID: 100100000, guid: aaad128b66d01824f87f3a8c74fb235b, type: 3}
--- !u!4 &5382893491256196730 stripped
Transform:
  m_CorrespondingSourceObject: {fileID: 2330827591986466900, guid: aaad128b66d01824f87f3a8c74fb235b, type: 3}
  m_PrefabInstance: {fileID: 7704289263925210670}
  m_PrefabAsset: {fileID: 0}
--- !u!1001 &8323138872098386169
PrefabInstance:
  m_ObjectHideFlags: 0
  serializedVersion: 2
  m_Modification:
    m_TransformParent: {fileID: 448945926865143014}
    m_Modifications:
    - target: {fileID: 853626532702669998, guid: aaad128b66d01824f87f3a8c74fb235b, type: 3}
      propertyPath: m_Mesh
      value: 
      objectReference: {fileID: 0}
    - target: {fileID: 1952001693353913026, guid: aaad128b66d01824f87f3a8c74fb235b, type: 3}
      propertyPath: m_Mesh
      value: 
      objectReference: {fileID: 0}
    - target: {fileID: 2330827591986466900, guid: aaad128b66d01824f87f3a8c74fb235b, type: 3}
      propertyPath: m_RootOrder
      value: 2
      objectReference: {fileID: 0}
    - target: {fileID: 2330827591986466900, guid: aaad128b66d01824f87f3a8c74fb235b, type: 3}
      propertyPath: m_LocalPosition.x
      value: 0.294
      objectReference: {fileID: 0}
    - target: {fileID: 2330827591986466900, guid: aaad128b66d01824f87f3a8c74fb235b, type: 3}
      propertyPath: m_LocalPosition.y
      value: 0
      objectReference: {fileID: 0}
    - target: {fileID: 2330827591986466900, guid: aaad128b66d01824f87f3a8c74fb235b, type: 3}
      propertyPath: m_LocalPosition.z
      value: -0.002
      objectReference: {fileID: 0}
    - target: {fileID: 2330827591986466900, guid: aaad128b66d01824f87f3a8c74fb235b, type: 3}
      propertyPath: m_LocalRotation.w
      value: 1
      objectReference: {fileID: 0}
    - target: {fileID: 2330827591986466900, guid: aaad128b66d01824f87f3a8c74fb235b, type: 3}
      propertyPath: m_LocalRotation.x
      value: 0
      objectReference: {fileID: 0}
    - target: {fileID: 2330827591986466900, guid: aaad128b66d01824f87f3a8c74fb235b, type: 3}
      propertyPath: m_LocalRotation.y
      value: 0
      objectReference: {fileID: 0}
    - target: {fileID: 2330827591986466900, guid: aaad128b66d01824f87f3a8c74fb235b, type: 3}
      propertyPath: m_LocalRotation.z
      value: 0
      objectReference: {fileID: 0}
    - target: {fileID: 2330827591986466900, guid: aaad128b66d01824f87f3a8c74fb235b, type: 3}
      propertyPath: m_LocalEulerAnglesHint.x
      value: 0
      objectReference: {fileID: 0}
    - target: {fileID: 2330827591986466900, guid: aaad128b66d01824f87f3a8c74fb235b, type: 3}
      propertyPath: m_LocalEulerAnglesHint.y
      value: 0
      objectReference: {fileID: 0}
    - target: {fileID: 2330827591986466900, guid: aaad128b66d01824f87f3a8c74fb235b, type: 3}
      propertyPath: m_LocalEulerAnglesHint.z
      value: 0
      objectReference: {fileID: 0}
    - target: {fileID: 4371115019759377727, guid: aaad128b66d01824f87f3a8c74fb235b, type: 3}
      propertyPath: m_Name
      value: Pistol bullets (2)
      objectReference: {fileID: 0}
    - target: {fileID: 6877237678414027155, guid: aaad128b66d01824f87f3a8c74fb235b, type: 3}
      propertyPath: m_Mesh
      value: 
      objectReference: {fileID: 0}
    m_RemovedComponents: []
  m_SourcePrefab: {fileID: 100100000, guid: aaad128b66d01824f87f3a8c74fb235b, type: 3}
--- !u!4 &6041994432610508973 stripped
Transform:
  m_CorrespondingSourceObject: {fileID: 2330827591986466900, guid: aaad128b66d01824f87f3a8c74fb235b, type: 3}
  m_PrefabInstance: {fileID: 8323138872098386169}
  m_PrefabAsset: {fileID: 0}
